<?xml version="1.0" encoding="UTF-8"?><record xmlns="http://www.loc.gov/MARC21/slim" xmlns:cinclude="http://apache.org/cocoon/include/1.0" xmlns:zs="http://www.loc.gov/zing/srw/">
  <leader>00469cz  a2200121n  4500</leader>
  <controlfield tag="001">n 2006046220</controlfield>
  <controlfield tag="003">DLC</controlfield>
  <controlfield tag="005">20060613082535.0</controlfield>
  <controlfield tag="008">060613n| acannaabn          |n aaa      </controlfield>
  <datafield tag="010" ind1=" " ind2=" ">
    <subfield code="a">n 2006046220</subfield>
  </datafield>
  <datafield tag="040" ind1=" " ind2=" ">
    <subfield code="a">DLC</subfield>
    <subfield code="b">eng</subfield>
    <subfield code="c">DLC</subfield>
  </datafield>
  <datafield tag="100" ind1="1" ind2=" ">
    <subfield code="a">Goodson, Jacob William,</subfield>
    <subfield code="d">1890-1982</subfield>
  </datafield>
  <datafield tag="670" ind1=" " ind2=" ">
    <subfield code="a">Goodson, William Dale. Jacob and Maud Goodson family history, 2001:</subfield>
    <subfield code="b">t.p. (Jacob Goodson) p. 2 (Jacob William Goodson; b. 1890 in Lehi, Utah; m. 1916; d. 1982 in Idaho Falls, Bonneville, Idaho)</subfield>
  </datafield>
</record>